@ARTICLE{bolton1980,
  title    = "The Computation of Equivalent Potential Temperature",
  author   = "Bolton, David",
  journal  = "Mon. Weather Rev.",
  volume   =  108,
  number   =  7,
  pages    = "1046--1053",
  month    =  jul,
  year     =  1980,
  language = "EN"
}


@ARTICLE{delgenio2007,
  title     = "Will moist convection be stronger in a warmer climate?:
               {CONVECTION} {STRENGTH} {IN} A {WARMER} {CLIMATE}",
  author    = "Del Genio, Anthony D and Yao, Mao-Sung and Jonas, Jeffrey",
  journal   = "Geophys. Res. Lett.",
  publisher = "American Geophysical Union (AGU)",
  volume    =  34,
  number    =  16,
  month     =  aug,
  year      =  2007,
  language  = "en"
}

@BOOK{emanuel1994,
  title     = "Atmospheric Convection",
  author    = "Emanuel, Kerry A",
  publisher = "Oxford University Press",
  year      =  1994
}

@INCOLLECTION{hansen1984,
  title     = "Climate Sensitivity: Analysis of Feedback Mechanisms",
  author    = "Hansen, J and Lacis, A and Rind, D and Russell, G and Stone, P
               and Fung, I and Ruedy, R and Lerner, J",
  booktitle = "Climate Processes and Climate Sensitivity",
  publisher = "American Geophysical Union (AGU)",
  pages     = "130--163",
  year      =  1984,
  language  = "en"
}


@ARTICLE{held1993,
  title    = "Large-Scale Dynamics and Global Warming",
  author   = "Held, Isaac M",
  journal  = "Bull. Am. Meteorol. Soc.",
  volume   =  74,
  number   =  2,
  pages    = "228--242",
  month    =  feb,
  year     =  1993,
  language = "en"
}

@ARTICLE{levine2016,
  title     = "A mechanism for the response of the zonally asymmetric
               subtropical hydrologic cycle to global warming",
  author    = "Levine, Xavier J and Boos, William R",
  journal   = "J. Clim.",
  publisher = "American Meteorological Society",
  volume    =  29,
  number    =  21,
  pages     = "7851--7867",
  month     =  nov,
  year      =  2016,
  language  = "en"
}

@ARTICLE{manabe1967,
  title    = "Thermal Equilibrium of the Atmosphere with a Given Distribution of
              Relative Humidity",
  author   = "Manabe, Syukuro and Wetherald, Richard T",
  journal  = "J. Atmos. Sci.",
  volume   =  24,
  number   =  3,
  pages    = "241--259",
  month    =  may,
  year     =  1967,
  language = "en"
}

@ARTICLE{miyawaki2020,
  title     = "Quantifying key mechanisms that contribute to the deviation of
               the tropical warming profile from a moist adiabat",
  author    = "Miyawaki, Osamu and Tan, Zhihong and Shaw, Tiffany A and Jansen,
               Malte F",
  journal   = "Geophys. Res. Lett.",
  publisher = "Wiley Online Library",
  volume    =  47,
  number    =  20,
  pages     = "e2020GL089136",
  year      =  2020,
  language  = "en"
}


@ARTICLE{neelin1987,
  title    = "Modeling Tropical Convergence Based on the Moist Static Energy
              Budget",
  author   = "Neelin, J David and Held, Isaac M",
  journal  = "Mon. Weather Rev.",
  volume   =  115,
  number   =  1,
  pages    = "3--12",
  month    =  jan,
  year     =  1987,
  language = "en"
}

@ARTICLE{romps2016,
  title     = "{Clausius–Clapeyron} scaling of {CAPE} from analytical solutions
               to {RCE}",
  author    = "Romps, David M",
  journal   = "J. Atmos. Sci.",
  publisher = "journals.ametsoc.org",
  volume    =  73,
  number    =  9,
  pages     = "3719--3737",
  month     =  sep,
  year      =  2016,
  language  = "en"
}

@ARTICLE{santer2005,
  title    = "Amplification of surface temperature trends and variability in the
              tropical atmosphere",
  author   = "Santer, B D and Wigley, T M L and Mears, C and Wentz, F J and
              Klein, S A and Seidel, D J and Taylor, K E and Thorne, P W and
              Wehner, M F and Gleckler, P J and Boyle, J S and Collins, W D and
              Dixon, K W and Doutriaux, C and Free, M and Fu, Q and Hansen, J E
              and Jones, G S and Ruedy, R and Karl, T R and Lanzante, J R and
              Meehl, G A and Ramaswamy, V and Russell, G and Schmidt, G A",
  journal  = "Science",
  volume   =  309,
  number   =  5740,
  pages    = "1551--1556",
  month    =  sep,
  year     =  2005,
  language = "en"
}

@ARTICLE{vallis2015,
  title    = "Response of the large-scale structure of the atmosphere to global
              warming",
  author   = "Vallis, Geoffrey K and Zurita‐Gotor, Pablo and Cairns, Cameron and
              Kidston, Joseph",
  journal  = "Quart. J. Roy. Meteor. Soc.",
  volume   =  141,
  number   =  690,
  pages    = "1479--1501",
  year     =  2015,
  language = "en"
}