@ARTICLE{alduchov1996,
  title     = "Improved Magnus form approximation of saturation vapor pressure",
  author    = "Alduchov, O A and Eskridge, R",
  journal   = "Journal of Applied Meteorology",
  publisher = "American Meteorological Society",
  volume    =  35,
  number    =  4,
  pages     = "601--609",
  month     =  "1~" # apr,
  year      =  1996
}

@ARTICLE{bolton1980,
  title    = "The Computation of Equivalent Potential Temperature",
  author   = "Bolton, David",
  journal  = "Mon. Weather Rev.",
  volume   =  108,
  number   =  7,
  pages    = "1046--1053",
  month    =  jul,
  year     =  1980,
  language = "EN"
}

@ARTICLE{buck1981,
  title    = "New Equations for Computing Vapor Pressure and Enhancement Factor",
  author   = "Buck, Arden L",
  journal  = "Journal of Applied Meteorology and Climatology",
  volume   =  20,
  number   =  12,
  pages    = "1527--1532",
  month    =  "1~" # dec,
  year     =  1981,
  language = "EN"
}

@ARTICLE{delgenio2007,
  title     = "Will moist convection be stronger in a warmer climate?:
               {CONVECTION} {STRENGTH} {IN} A {WARMER} {CLIMATE}",
  author    = "Del Genio, Anthony D and Yao, Mao-Sung and Jonas, Jeffrey",
  journal   = "Geophys. Res. Lett.",
  publisher = "American Geophysical Union (AGU)",
  volume    =  34,
  number    =  16,
  month     =  aug,
  year      =  2007,
  language  = "en"
}

@BOOK{emanuel1994,
  title     = "Atmospheric Convection",
  author    = "Emanuel, Kerry A",
  publisher = "Oxford University Press",
  year      =  1994
}

@ARTICLE{flannaghan2014,
  title    = "Tropical temperature trends in atmospheric general circulation
              model simulations and the impact of uncertainties in observed
              {SSTs}",
  author   = "Flannaghan, T J and Fueglistaler, S and Held, I M and Po‐Chedley,
              S and Wyman, B and Zhao, M",
  journal  = "Journal of Geophysical Research, D: Atmospheres",
  volume   =  119,
  number   =  23,
  pages    = "13,327--13,337",
  year     =  2014,
  language = "en"
}

@ARTICLE{hartmann2002,
  title    = "An important constraint on tropical cloud - climate feedback",
  author   = "Hartmann, Dennis L and Larson, Kristin",
  journal  = "Geophysical research letters",
  volume   =  29,
  number   =  20,
  pages    = "12--1--12--4",
  year     =  2002,
  language = "en"
}


@INCOLLECTION{hansen1984,
  title     = "Climate Sensitivity: Analysis of Feedback Mechanisms",
  author    = "Hansen, J and Lacis, A and Rind, D and Russell, G and Stone, P
               and Fung, I and Ruedy, R and Lerner, J",
  booktitle = "Climate Processes and Climate Sensitivity",
  publisher = "American Geophysical Union (AGU)",
  pages     = "130--163",
  year      =  1984,
  language  = "en"
}


@ARTICLE{held1993,
  title    = "Large-Scale Dynamics and Global Warming",
  author   = "Held, Isaac M",
  journal  = "Bull. Am. Meteorol. Soc.",
  volume   =  74,
  number   =  2,
  pages    = "228--242",
  month    =  feb,
  year     =  1993,
  language = "en"
}

@ARTICLE{held2000a,
  title     = "Water vapor feedback and global warming",
  author    = "Held, Isaac M and Soden, Brian J",
  journal   = "Annual review of energy and the environment",
  publisher = "Annual Reviews",
  volume    =  25,
  number    =  1,
  pages     = "441--475",
  month     =  nov,
  year      =  2000,
  language  = "en"
}

@ARTICLE{held2012,
  title    = "Using Relative Humidity as a State Variable in Climate Feedback
              Analysis",
  author   = "Held, Isaac M and Shell, Karen M",
  journal  = "Journal of climate",
  volume   =  25,
  number   =  8,
  pages    = "2578--2582",
  month    =  "15~" # apr,
  year     =  2012,
  language = "EN"
}

@ARTICLE{levine2016,
  title     = "A mechanism for the response of the zonally asymmetric
               subtropical hydrologic cycle to global warming",
  author    = "Levine, Xavier J and Boos, William R",
  journal   = "J. Clim.",
  publisher = "American Meteorological Society",
  volume    =  29,
  number    =  21,
  pages     = "7851--7867",
  month     =  nov,
  year      =  2016,
  language  = "en"
}

@ARTICLE{list1949,
  title     = "Smithsonian Meteorological Tables",
  author    = "List, Robert J",
  journal   = "Smithsonian miscellaneous collections",
  publisher = "Smithsonian Institution Press",
  volume    =  114,
  pages     = "1--521",
  year      =  1949
}

@ARTICLE{manabe1967,
  title    = "Thermal Equilibrium of the Atmosphere with a Given Distribution of
              Relative Humidity",
  author   = "Manabe, Syukuro and Wetherald, Richard T",
  journal  = "J. Atmos. Sci.",
  volume   =  24,
  number   =  3,
  pages    = "241--259",
  month    =  may,
  year     =  1967,
  language = "en"
}

@ARTICLE{miyawaki2020,
  title     = "Quantifying key mechanisms that contribute to the deviation of
               the tropical warming profile from a moist adiabat",
  author    = "Miyawaki, Osamu and Tan, Zhihong and Shaw, Tiffany A and Jansen,
               Malte F",
  journal   = "Geophys. Res. Lett.",
  publisher = "Wiley Online Library",
  volume    =  47,
  number    =  20,
  pages     = "e2020GL089136",
  year      =  2020,
  language  = "en"
}

@ARTICLE{murphy2005,
  title     = "Review of the vapour pressures of ice and supercooled water for
               atmospheric applications",
  author    = "Murphy, D M and Koop, T",
  journal   = "Quarterly journal of the Royal Meteorological Society. Royal
               Meteorological Society (Great Britain)",
  publisher = "Wiley",
  volume    =  131,
  number    =  608,
  pages     = "1539--1565",
  month     =  "1~" # apr,
  year      =  2005,
  language  = "en"
}

@ARTICLE{neelin1987,
  title    = "Modeling Tropical Convergence Based on the Moist Static Energy
              Budget",
  author   = "Neelin, J David and Held, Isaac M",
  journal  = "Mon. Weather Rev.",
  volume   =  115,
  number   =  1,
  pages    = "3--12",
  month    =  jan,
  year     =  1987,
  language = "en"
}

@ARTICLE{oGorman2015,
  title    = "Precipitation Extremes Under Climate Change",
  author   = "O'Gorman, Paul A",
  journal  = "Current climate change reports",
  volume   =  1,
  number   =  2,
  pages    = "49--59",
  month    =  "1~" # jun,
  year     =  2015,
  keywords = "Climate models; Convection; Extremes; Global warming; Orographic
              precipitation; Rainfall; Snowfall",
  language = "en"
}

@ARTICLE{romps2016,
  title     = "{Clausius–Clapeyron} scaling of {CAPE} from analytical solutions
               to {RCE}",
  author    = "Romps, David M",
  journal   = "J. Atmos. Sci.",
  publisher = "journals.ametsoc.org",
  volume    =  73,
  number    =  9,
  pages     = "3719--3737",
  month     =  sep,
  year      =  2016,
  language  = "en"
}

@ARTICLE{santer2005,
  title    = "Amplification of surface temperature trends and variability in the
              tropical atmosphere",
  author   = "Santer, B D and Wigley, T M L and Mears, C and Wentz, F J and
              Klein, S A and Seidel, D J and Taylor, K E and Thorne, P W and
              Wehner, M F and Gleckler, P J and Boyle, J S and Collins, W D and
              Dixon, K W and Doutriaux, C and Free, M and Fu, Q and Hansen, J E
              and Jones, G S and Ruedy, R and Karl, T R and Lanzante, J R and
              Meehl, G A and Ramaswamy, V and Russell, G and Schmidt, G A",
  journal  = "Science",
  volume   =  309,
  number   =  5740,
  pages    = "1551--1556",
  month    =  sep,
  year     =  2005,
  language = "en"
}

@ARTICLE{seeley2019,
  title     = "{FAT} or {FiTT}: Are anvil clouds or the tropopause temperature
               invariant?",
  author    = "Seeley, Jacob T and Jeevanjee, Nadir and Romps, David M",
  journal   = "Geophysical research letters",
  publisher = "Wiley Online Library",
  volume    =  46,
  number    =  3,
  pages     = "1842--1850",
  month     =  "16~" # feb,
  year      =  2019,
  language  = "en"
}

@ARTICLE{vallis2015,
  title    = "Response of the large-scale structure of the atmosphere to global
              warming",
  author   = "Vallis, Geoffrey K and Zurita‐Gotor, Pablo and Cairns, Cameron and
              Kidston, Joseph",
  journal  = "Quart. J. Roy. Meteor. Soc.",
  volume   =  141,
  number   =  690,
  pages    = "1479--1501",
  year     =  2015,
  language = "en"
}

@ARTICLE{wing2018,
  title    = "Radiative–convective equilibrium model intercomparison project",
  author   = "Wing, Allison A and Reed, Kevin A and Satoh, Masaki and Stevens,
              Bjorn and Bony, Sandrine and Ohno, Tomoki",
  journal  = "Geoscientific Model Development",
  volume   =  11,
  number   =  2,
  pages    = "793--813",
  month    =  "2~" # mar,
  year     =  2018,
  language = "en"
}
